%YAML 1.1
%TAG !u! tag:unity3d.com,2011:
--- !u!1001 &100100000
Prefab:
  m_ObjectHideFlags: 1
  serializedVersion: 2
  m_Modification:
    m_TransformParent: {fileID: 0}
    m_Modifications: []
    m_RemovedComponents: []
  m_ParentPrefab: {fileID: 0}
  m_RootGameObject: {fileID: 1016360648107490}
  m_IsPrefabParent: 1
--- !u!1 &1016360648107490
GameObject:
  m_ObjectHideFlags: 0
  m_PrefabParentObject: {fileID: 0}
  m_PrefabInternal: {fileID: 100100000}
  serializedVersion: 5
  m_Component:
  - component: {fileID: 224211176540228856}
  - component: {fileID: 222133495953868856}
  - component: {fileID: 114033283421311850}
  - component: {fileID: 114570089250325518}
  - component: {fileID: 114986395705175424}
  m_Layer: 5
  m_Name: InputField
  m_TagString: Untagged
  m_Icon: {fileID: 0}
  m_NavMeshLayer: 0
  m_StaticEditorFlags: 0
  m_IsActive: 1
--- !u!1 &1643325614030280
GameObject:
  m_ObjectHideFlags: 0
  m_PrefabParentObject: {fileID: 0}
  m_PrefabInternal: {fileID: 100100000}
  serializedVersion: 5
  m_Component:
  - component: {fileID: 224627314437522436}
  - component: {fileID: 222168753561689156}
  - component: {fileID: 114998210399985272}
  m_Layer: 5
  m_Name: Text
  m_TagString: Untagged
  m_Icon: {fileID: 0}
  m_NavMeshLayer: 0
  m_StaticEditorFlags: 0
  m_IsActive: 1
--- !u!1 &1894939994852480
GameObject:
  m_ObjectHideFlags: 0
  m_PrefabParentObject: {fileID: 0}
  m_PrefabInternal: {fileID: 100100000}
  serializedVersion: 5
  m_Component:
  - component: {fileID: 224028601572322524}
  - component: {fileID: 222535463279464134}
  - component: {fileID: 114776583243829072}
  m_Layer: 5
  m_Name: Placeholder
  m_TagString: Untagged
  m_Icon: {fileID: 0}
  m_NavMeshLayer: 0
  m_StaticEditorFlags: 0
  m_IsActive: 1
--- !u!114 &114033283421311850
MonoBehaviour:
  m_ObjectHideFlags: 1
  m_PrefabParentObject: {fileID: 0}
  m_PrefabInternal: {fileID: 100100000}
  m_GameObject: {fileID: 1016360648107490}
  m_Enabled: 1
  m_EditorHideFlags: 0
  m_Script: {fileID: -765806418, guid: f5f67c52d1564df4a8936ccd202a3bd8, type: 3}
  m_Name: 
  m_EditorClassIdentifier: 
  m_Material: {fileID: 0}
  m_Color: {r: 1, g: 1, b: 1, a: 1}
  m_RaycastTarget: 1
  m_OnCullStateChanged:
    m_PersistentCalls:
      m_Calls: []
    m_TypeName: UnityEngine.UI.MaskableGraphic+CullStateChangedEvent, UnityEngine.UI,
      Version=1.0.0.0, Culture=neutral, PublicKeyToken=null
  m_Sprite: {fileID: 10911, guid: 0000000000000000f000000000000000, type: 0}
  m_Type: 1
  m_PreserveAspect: 0
  m_FillCenter: 1
  m_FillMethod: 4
  m_FillAmount: 1
  m_FillClockwise: 1
  m_FillOrigin: 0
--- !u!114 &114570089250325518
MonoBehaviour:
  m_ObjectHideFlags: 1
  m_PrefabParentObject: {fileID: 0}
  m_PrefabInternal: {fileID: 100100000}
  m_GameObject: {fileID: 1016360648107490}
  m_Enabled: 1
  m_EditorHideFlags: 0
  m_Script: {fileID: 575553740, guid: f5f67c52d1564df4a8936ccd202a3bd8, type: 3}
  m_Name: 
  m_EditorClassIdentifier: 
  m_Navigation:
    m_Mode: 3
    m_SelectOnUp: {fileID: 0}
    m_SelectOnDown: {fileID: 0}
    m_SelectOnLeft: {fileID: 0}
    m_SelectOnRight: {fileID: 0}
  m_Transition: 1
  m_Colors:
    m_NormalColor: {r: 1, g: 1, b: 1, a: 1}
    m_HighlightedColor: {r: 0.9607843, g: 0.9607843, b: 0.9607843, a: 1}
    m_PressedColor: {r: 0.78431374, g: 0.78431374, b: 0.78431374, a: 1}
    m_DisabledColor: {r: 0.78431374, g: 0.78431374, b: 0.78431374, a: 0.5019608}
    m_ColorMultiplier: 1
    m_FadeDuration: 0.1
  m_SpriteState:
    m_HighlightedSprite: {fileID: 0}
    m_PressedSprite: {fileID: 0}
    m_DisabledSprite: {fileID: 0}
  m_AnimationTriggers:
    m_NormalTrigger: Normal
    m_HighlightedTrigger: Highlighted
    m_PressedTrigger: Pressed
    m_DisabledTrigger: Disabled
  m_Interactable: 1
  m_TargetGraphic: {fileID: 114033283421311850}
  m_TextComponent: {fileID: 114998210399985272}
  m_Placeholder: {fileID: 114776583243829072}
  m_ContentType: 0
  m_InputType: 0
  m_AsteriskChar: 42
  m_KeyboardType: 0
  m_LineType: 0
  m_HideMobileInput: 0
  m_CharacterValidation: 0
  m_CharacterLimit: 0
  m_OnEndEdit:
    m_PersistentCalls:
      m_Calls: []
    m_TypeName: UnityEngine.UI.InputField+SubmitEvent, UnityEngine.UI, Version=1.0.0.0,
      Culture=neutral, PublicKeyToken=null
  m_OnValueChanged:
    m_PersistentCalls:
      m_Calls:
      - m_Target: {fileID: 114986395705175424}
        m_MethodName: UnityActionParseStringEnd
        m_Mode: 0
        m_Arguments:
          m_ObjectArgument: {fileID: 0}
          m_ObjectArgumentAssemblyTypeName: UnityEngine.Object, UnityEngine
          m_IntArgument: 0
          m_FloatArgument: 0
          m_StringArgument: 
          m_BoolArgument: 0
        m_CallState: 2
    m_TypeName: UnityEngine.UI.InputField+OnChangeEvent, UnityEngine.UI, Version=1.0.0.0,
      Culture=neutral, PublicKeyToken=null
  m_CaretColor: {r: 0.19607843, g: 0.19607843, b: 0.19607843, a: 1}
  m_CustomCaretColor: 0
  m_SelectionColor: {r: 0.65882355, g: 0.80784315, b: 1, a: 0.7529412}
  m_Text: 
  m_CaretBlinkRate: 0.85
  m_CaretWidth: 1
  m_ReadOnly: 0
--- !u!114 &114776583243829072
MonoBehaviour:
  m_ObjectHideFlags: 1
  m_PrefabParentObject: {fileID: 0}
  m_PrefabInternal: {fileID: 100100000}
  m_GameObject: {fileID: 1894939994852480}
  m_Enabled: 1
  m_EditorHideFlags: 0
  m_Script: {fileID: 708705254, guid: f5f67c52d1564df4a8936ccd202a3bd8, type: 3}
  m_Name: 
  m_EditorClassIdentifier: 
  m_Material: {fileID: 0}
  m_Color: {r: 0.19607843, g: 0.19607843, b: 0.19607843, a: 0.5}
  m_RaycastTarget: 1
  m_OnCullStateChanged:
    m_PersistentCalls:
      m_Calls: []
    m_TypeName: UnityEngine.UI.MaskableGraphic+CullStateChangedEvent, UnityEngine.UI,
      Version=1.0.0.0, Culture=neutral, PublicKeyToken=null
  m_FontData:
    m_Font: {fileID: 10102, guid: 0000000000000000e000000000000000, type: 0}
    m_FontSize: 14
    m_FontStyle: 2
    m_BestFit: 0
    m_MinSize: 10
    m_MaxSize: 40
    m_Alignment: 0
    m_AlignByGeometry: 0
    m_RichText: 1
    m_HorizontalOverflow: 0
    m_VerticalOverflow: 0
    m_LineSpacing: 1
  m_Text: Enter text...
--- !u!114 &114986395705175424
MonoBehaviour:
  m_ObjectHideFlags: 1
  m_PrefabParentObject: {fileID: 0}
  m_PrefabInternal: {fileID: 100100000}
  m_GameObject: {fileID: 1016360648107490}
  m_Enabled: 1
  m_EditorHideFlags: 0
  m_Script: {fileID: 11500000, guid: 5d907e3c4facffb4eb0a8a6c657d3f53, type: 3}
  m_Name: 
  m_EditorClassIdentifier: 
  map:
  - Characters: 1/4
    Ligature: "\xBC"
  - Characters: 2/4
    Ligature: "\xBD"
  - Characters: 1/2
    Ligature: "\xBD"
  - Characters: 3/4
    Ligature: "\xBE"
  - Characters: 1/10
    Ligature: "\u2152"
  - Characters: 2/10
    Ligature: "\u2155"
  - Characters: 4/10
    Ligature: "\u2156"
  - Characters: 5/10
    Ligature: "\xBD"
  - Characters: 6/10
    Ligature: "\u2157"
  - Characters: 8/10
    Ligature: "\u2158"
  - Characters: 1/3
    Ligature: "\u2153"
  - Characters: 2/3
    Ligature: "\u2154"
  - Characters: 1/5
    Ligature: "\u2155"
  - Characters: 2/5
    Ligature: "\u2156"
  - Characters: 3/5
    Ligature: "\u2157"
  - Characters: 4/5
    Ligature: "\u2158"
  - Characters: 1/6
    Ligature: "\u2159"
  - Characters: 2/6
    Ligature: "\u2153"
  - Characters: 3/6
    Ligature: "\xBD"
  - Characters: 4/6
    Ligature: "\u2154"
  - Characters: 5/6
    Ligature: "\u215A"
  - Characters: 1/8
    Ligature: "\u215B"
  - Characters: 2/8
    Ligature: "\xBC"
  - Characters: 3/8
    Ligature: "\u215C"
  - Characters: 4/8
    Ligature: "\xBD"
  - Characters: 5/8
    Ligature: "\u215D"
  - Characters: 6/8
    Ligature: "\xBE"
  - Characters: 7/8
    Ligature: "\u215E"
  - Characters: ^1
    Ligature: "\xB9"
  - Characters: ^2
    Ligature: "\xB2"
  - Characters: ^3
    Ligature: "\xB3"
  - Characters: ^4
    Ligature: "\u2074"
  - Characters: ^5
    Ligature: "\u2075"
  - Characters: ^6
    Ligature: "\u2076"
  - Characters: ^7
    Ligature: "\u2077"
  - Characters: ^8
    Ligature: "\u2078"
  - Characters: ^9
    Ligature: "\u2079"
  - Characters: ^0
    Ligature: "\u2070"
  - Characters: ^+
    Ligature: "\u207A"
  - Characters: ^-
    Ligature: "\u207B"
  - Characters: ^=
    Ligature: "\u207C"
  - Characters: ^(
    Ligature: "\u207D"
  - Characters: ^)
    Ligature: "\u207E"
  - Characters: ^a
    Ligature: "\u1D43"
  - Characters: ^b
    Ligature: "\u1D47"
  - Characters: ^c
    Ligature: "\u1D9C"
  - Characters: ^d
    Ligature: "\u1D48"
  - Characters: ^e
    Ligature: "\u1D49"
  - Characters: ^f
    Ligature: "\u1DA0"
  - Characters: ^g
    Ligature: "\u1D4D"
  - Characters: ^h
    Ligature: "\u02B0"
  - Characters: ^i
    Ligature: "\u2071"
  - Characters: ^j
    Ligature: "\u02B2"
  - Characters: ^k
    Ligature: "\u1D4F"
  - Characters: ^l
    Ligature: "\u02E1"
  - Characters: ^m
    Ligature: "\u1D50"
  - Characters: ^n
    Ligature: "\u207F"
  - Characters: ^o
    Ligature: "\u1D52"
  - Characters: ^p
    Ligature: "\u1D56"
  - Characters: ^r
    Ligature: "\u02B3"
  - Characters: ^s
    Ligature: "\u02E2"
  - Characters: ^t
    Ligature: "\u1D57"
  - Characters: ^u
    Ligature: "\u1D58"
  - Characters: ^v
    Ligature: "\u1D5B"
  - Characters: ^w
    Ligature: "\u02B7"
  - Characters: ^x
    Ligature: "\u02E3"
  - Characters: ^y
    Ligature: "\u02B8"
  - Characters: ^z
    Ligature: "\u1DBB"
  - Characters: ^A
    Ligature: "\u1D2C"
  - Characters: ^B
    Ligature: "\u1D2E"
  - Characters: ^D
    Ligature: "\u1D30"
  - Characters: ^E
    Ligature: "\u1D31"
  - Characters: ^G
    Ligature: "\u1D33"
  - Characters: ^H
    Ligature: "\u1D34"
  - Characters: ^I
    Ligature: "\u1D35"
  - Characters: ^J
    Ligature: "\u1D36"
  - Characters: ^K
    Ligature: "\u1D37"
  - Characters: ^L
    Ligature: "\u1D38"
  - Characters: ^M
    Ligature: "\u1D39"
  - Characters: ^N
    Ligature: "\u1D3A"
  - Characters: ^O
    Ligature: "\u1D3C"
  - Characters: ^P
    Ligature: "\u1D3E"
  - Characters: ^R
    Ligature: "\u1D3F"
  - Characters: ^T
    Ligature: "\u1D40"
  - Characters: ^U
    Ligature: "\u1D41"
  - Characters: ^V
    Ligature: "\u2C7D"
  - Characters: ^W
    Ligature: "\u1D42"
  - Characters: (C)
    Ligature: "\xA9"
  - Characters: (c)
    Ligature: "\xA9"
  - Characters: (SC)
    Ligature: "\u2117"
  - Characters: (sc)
    Ligature: "\u2117"
  - Characters: (Sc)
    Ligature: "\u2117"
  - Characters: (sC)
    Ligature: "\u2117"
  - Characters: (TM)
    Ligature: "\u2122"
  - Characters: (tm)
    Ligature: "\u2122"
  - Characters: (Tm)
    Ligature: "\u2122"
  - Characters: (tM)
    Ligature: "\u2122"
  - Characters: (RTM)
    Ligature: "\xAE"
  - Characters: (rtm)
    Ligature: "\xAE"
  - Characters: (rTm)
    Ligature: "\xAE"
  - Characters: (Rtm)
    Ligature: "\xAE"
  - Characters: (RTm)
    Ligature: "\xAE"
  - Characters: (RtM)
    Ligature: "\xAE"
  - Characters: (rTM)
    Ligature: "\xAE"
  - Characters: (rtM)
    Ligature: "\xAE"
  - Characters: (sm)
    Ligature: "\u2120"
  - Characters: (SM)
    Ligature: "\u2120"
  - Characters: (Sm)
    Ligature: "\u2120"
  - Characters: (sM)
    Ligature: "\u2120"
  - Characters: '`a'
    Ligature: "\xE0"
  - Characters: '`A'
    Ligature: "\xC0"
  - Characters: '`e'
    Ligature: "\xE8"
  - Characters: '`E'
    Ligature: "\xC8"
  - Characters: '`i'
    Ligature: "\xEC"
  - Characters: '`I'
    Ligature: "\xCC"
  - Characters: '`o'
    Ligature: "\xF2"
  - Characters: '`O'
    Ligature: "\xD2"
  - Characters: '`u'
    Ligature: "\xF9"
  - Characters: '`U'
    Ligature: "\xD9"
  - Characters: (No)
    Ligature: "\u2116"
  - Characters: (#)
    Ligature: "\u2116"
  - Characters: (deg)
    Ligature: "\xB0"
  - Characters: "\u3131\u314F"
    Ligature: "\uAC00"
  - Characters: "\u3131\u3150"
    Ligature: "\uAC1C"
  - Characters: "\u3131\u3151"
    Ligature: "\uAC38"
  - Characters: "\u3131\u3152"
    Ligature: "\uAC54"
  - Characters: "\u3131\u3153"
    Ligature: "\uAC70"
  - Characters: "\u3131\u3154"
    Ligature: "\uAC8C"
  - Characters: "\u3131\u3155"
    Ligature: "\uACA8"
  - Characters: "\u3131\u3156"
    Ligature: "\uACC4"
  - Characters: "\u3131\u3157"
    Ligature: "\uACE0"
  - Characters: "\u3131\u3158"
    Ligature: "\uACFC"
  - Characters: "\u3131\u3159"
    Ligature: "\uAD18"
  - Characters: "\u3131\u315A"
    Ligature: "\uAD34"
  - Characters: "\u3131\u315B"
    Ligature: "\uAD50"
  - Characters: "\u3131\u315C"
    Ligature: "\uAD6C"
  - Characters: "\u3131\u315D"
    Ligature: "\uAD88"
  - Characters: "\u3131\u315E"
    Ligature: "\uADA4"
  - Characters: "\u3131\u315F"
    Ligature: "\uADC0"
  - Characters: "\u3131\u3160"
    Ligature: "\uADDC"
  - Characters: "\u3131\u3161"
    Ligature: "\uADF8"
  - Characters: "\u3131\u3162"
    Ligature: "\uAE14"
  - Characters: "\u3131\u3163"
    Ligature: "\uAE30"
  - Characters: "\u3132\u314F"
    Ligature: "\uAE4C"
  - Characters: "\u3132\u3150"
    Ligature: "\uAE68"
  - Characters: "\u3132\u3151"
    Ligature: "\uAE84"
  - Characters: "\u3132\u3152"
    Ligature: "\uAEA0"
  - Characters: "\u3132\u3153"
    Ligature: "\uAEBC"
  - Characters: "\u3132\u3154"
    Ligature: "\uAED8"
  - Characters: "\u3132\u3155"
    Ligature: "\uAEF4"
  - Characters: "\u3132\u3156"
    Ligature: "\uAF10"
  - Characters: "\u3132\u3157"
    Ligature: "\t\uAF2C"
  - Characters: "\u3132\u3158"
    Ligature: "\uAF48"
  - Characters: "\u3132\u3159"
    Ligature: "\uAF64"
  - Characters: "\u3132\u315A"
    Ligature: "\uAF80"
  - Characters: "\u3132\u315B"
    Ligature: "\uAF9C"
  - Characters: "\u3132\u315C"
    Ligature: "\uAFB8"
  - Characters: "\u3132\u315D"
    Ligature: "\uAFD4"
  - Characters: "\u3132\u315E"
    Ligature: "\uAFF0"
  - Characters: "\u3132\u315F"
    Ligature: "\uB00C"
  - Characters: "\u3132\u3160"
    Ligature: "\uB028"
  - Characters: "\u3132\u3161"
    Ligature: "\uB044"
  - Characters: "\u3132\u3162"
    Ligature: "\uB060"
  - Characters: "\u3132\u3163"
    Ligature: "\uB07C"
  - Characters: "\u3134\u314F"
    Ligature: "\uB098"
  - Characters: "\u3134\u3150"
    Ligature: "\uB0B4"
  - Characters: "\u3134\u3151"
    Ligature: "\uB0D0"
  - Characters: "\u3134\u3152"
    Ligature: "\uB0EC"
  - Characters: "\u3134\u3153"
    Ligature: "\uB108"
  - Characters: "\u3134\u3154"
    Ligature: "\uB124"
  - Characters: "\u3134\u3155"
    Ligature: "\uB140"
  - Characters: "\u3134\u3156"
    Ligature: "\uB15C"
  - Characters: "\u3134\u3157"
    Ligature: "\uB178"
  - Characters: "\u3134\u3158"
    Ligature: "\uB194"
  - Characters: "\u3134\u3159"
    Ligature: "\uB1B0"
  - Characters: "\u3134\u315A"
    Ligature: "\uB1CC"
  - Characters: "\u3134\u315B"
    Ligature: "\uB1E8"
  - Characters: "\u3134\u315C"
    Ligature: "\uB204"
  - Characters: "\u3134\u315D"
    Ligature: "\uB220"
  - Characters: "\u3134\u315E"
    Ligature: "\uB23C"
  - Characters: "\u3134\u315F"
    Ligature: "\uB258"
  - Characters: "\u3134\u3160"
    Ligature: "\uB274"
  - Characters: "\u3134\u3161"
    Ligature: "\uB290"
  - Characters: "\u3134\u3162"
    Ligature: "\uB2AC"
  - Characters: "\u3134\u3163"
    Ligature: "\uB2C8"
  - Characters: "\u3137\u314F"
    Ligature: "\uB2E4"
  - Characters: "\u3137\u3150"
    Ligature: "\uB300"
  - Characters: "\u3137\u3151"
    Ligature: "\uB31C"
  - Characters: "\u3137\u3152"
    Ligature: "\uB338"
  - Characters: "\u3137\u3153"
    Ligature: "\uB354"
  - Characters: "\u3137\u3154"
    Ligature: "\uB370"
  - Characters: "\u3137\u3155"
    Ligature: "\uB38C"
  - Characters: "\u3137\u3156"
    Ligature: "\uB3A8"
  - Characters: "\u3137\u3157"
    Ligature: "\uB3C4"
  - Characters: "\u3137\u3158"
    Ligature: "\uB3E0"
  - Characters: "\u3137\u3159"
    Ligature: "\uB3FC"
  - Characters: "\u3137\u315A"
    Ligature: "\uB418"
  - Characters: "\u3137\u315B"
    Ligature: "\uB434"
  - Characters: "\u3137\u315C"
    Ligature: "\uB450"
  - Characters: "\u3137\u315D"
    Ligature: "\uB46C"
  - Characters: "\u3137\u315E"
    Ligature: "\uB488"
  - Characters: "\u3137\u315F"
    Ligature: "\uB4A4"
  - Characters: "\u3137\u3160"
    Ligature: "\uB4C0"
  - Characters: "\u3137\u3161"
    Ligature: "\uB4DC"
  - Characters: "\u3137\u3162"
    Ligature: "\uB4F8"
  - Characters: "\u3137\u3163"
    Ligature: "\uB514"
  - Characters: "\u3138\u314F"
    Ligature: "\uB530"
  - Characters: "\u3138\u3150"
    Ligature: "\uB54C"
  - Characters: "\u3138\u3151"
    Ligature: "\uB568"
  - Characters: "\u3138\u3152"
    Ligature: "\uB584"
  - Characters: "\u3138\u3153"
    Ligature: "\uB5A0"
  - Characters: "\u3138\u3154"
    Ligature: "\uB5BC"
  - Characters: "\u3138\u3155"
    Ligature: "\uB5D8"
  - Characters: "\u3138\u3156"
    Ligature: "\uB5F4"
  - Characters: "\u3138\u3157"
    Ligature: "\uB610"
  - Characters: "\u3138\u3158"
    Ligature: "\uB62C"
  - Characters: "\u3138\u3159"
    Ligature: "\uB648"
  - Characters: "\u3138\u315A"
    Ligature: "\uB664"
  - Characters: "\u3138\u315B"
    Ligature: "\uB680"
  - Characters: "\u3138\u315C"
    Ligature: "\uB69C"
  - Characters: "\u3138\u315D"
    Ligature: "\uB6B8"
  - Characters: "\u3138\u315E"
    Ligature: "\uB6D4"
  - Characters: "\u3138\u315F"
    Ligature: "\uB6F0"
  - Characters: "\u3138\u3160"
    Ligature: "\uB70C"
  - Characters: "\u3138\u3161"
    Ligature: "\uB728"
  - Characters: "\u3138\u3162"
    Ligature: "\uB744"
  - Characters: "\u3138\u3163"
    Ligature: "\uB760"
  - Characters: "\u3139\u314F"
    Ligature: "\uB77C"
  - Characters: "\u3139\u3150"
    Ligature: "\uB798"
  - Characters: "\u3139\u3151"
    Ligature: "\uB7B4"
  - Characters: "\u3139\u3152"
    Ligature: "\uB7D0"
  - Characters: "\u3139\u3153"
    Ligature: "\uB7EC"
  - Characters: "\u3139\u3154"
    Ligature: "\uB808"
  - Characters: "\u3139\u3155"
    Ligature: "\uB824"
  - Characters: "\u3139\u3156"
    Ligature: "\uB840"
  - Characters: "\u3139\u3157"
    Ligature: "\uB85C"
  - Characters: "\u3139\u3158"
    Ligature: "\uB878"
  - Characters: "\u3139\u3159"
    Ligature: "\uB894"
  - Characters: "\u3139\u315A"
    Ligature: "\uB8B0"
  - Characters: "\u3139\u315B"
    Ligature: "\uB8CC"
  - Characters: "\u3139\u315C"
    Ligature: "\uB8E8"
  - Characters: "\u3139\u315D"
    Ligature: "\uB904"
  - Characters: "\u3139\u315E"
    Ligature: "\uB920"
  - Characters: "\u3139\u315F"
    Ligature: "\uB93C"
  - Characters: "\u3139\u3160"
    Ligature: "\uB958"
  - Characters: "\u3139\u3161"
    Ligature: "\uB974"
  - Characters: "\u3139\u3162"
    Ligature: "\uB990"
  - Characters: "\u3139\u3163"
    Ligature: "\uB9AC"
  - Characters: "\u3141\u314F"
    Ligature: "\uB9C8"
  - Characters: "\u3141\u3150"
    Ligature: "\uB9E4"
  - Characters: "\u3141\u3151"
    Ligature: "\uBA00"
  - Characters: "\u3141\u3152"
    Ligature: "\uBA1C"
  - Characters: "\u3141\u3153"
    Ligature: "\uBA38"
  - Characters: "\u3141\u3154"
    Ligature: "\uBA54"
  - Characters: "\u3141\u3155"
    Ligature: "\uBA70"
  - Characters: "\u3141\u3156"
    Ligature: "\uBA8C"
  - Characters: "\u3141\u3157"
    Ligature: "\uBAA8"
  - Characters: "\u3141\u3158"
    Ligature: "\uBAC4"
  - Characters: "\u3141\u3159"
    Ligature: "\uBAE0"
  - Characters: "\u3141\u315A"
    Ligature: "\uBAFC"
  - Characters: "\u3141\u315B"
    Ligature: "\uBB18"
  - Characters: "\u3141\u315C"
    Ligature: "\uBB34"
  - Characters: "\u3141\u315D"
    Ligature: "\uBB50"
  - Characters: "\u3141\u315E"
    Ligature: "\uBB6C"
  - Characters: "\u3141\u315F"
    Ligature: "\uBB88"
  - Characters: "\u3141\u3160"
    Ligature: "\uBBA4"
  - Characters: "\u3141\u3161"
    Ligature: "\uBBC0"
  - Characters: "\u3141\u3162"
    Ligature: "\uBBDC"
  - Characters: "\u3141\u3163"
    Ligature: "\uBBF8"
  - Characters: "\u3142\u314F"
    Ligature: "\uBC14"
  - Characters: "\u3142\u3150"
    Ligature: "\uBC30"
  - Characters: "\u3142\u3151"
    Ligature: "\uBC4C"
  - Characters: "\u3142\u3152"
    Ligature: "\uBC68"
  - Characters: "\u3142\u3153"
    Ligature: "\uBC84"
  - Characters: "\u3142\u3154"
    Ligature: "\uBCA0"
  - Characters: "\u3142\u3155"
    Ligature: "\uBCBC"
  - Characters: "\u3142\u3156"
    Ligature: "\uBCD8"
  - Characters: "\u3142\u3157"
    Ligature: "\uBCF4"
  - Characters: "\u3142\u3158"
    Ligature: "\uBD10"
  - Characters: "\u3142\u3159"
    Ligature: "\uBD2C"
  - Characters: "\u3142\u315A"
    Ligature: "\uBD48"
  - Characters: "\u3142\u315B"
    Ligature: "\uBD64"
  - Characters: "\u3142\u315C"
    Ligature: "\uBD80"
  - Characters: "\u3142\u315D"
    Ligature: "\uBD9C"
  - Characters: "\u3142\u315E"
    Ligature: "\uBDB8"
  - Characters: "\u3142\u315F"
    Ligature: "\uBDD4"
  - Characters: "\u3142\u3160"
    Ligature: "\uBDF0"
  - Characters: "\u3142\u3161"
    Ligature: "\uBE0C"
  - Characters: "\u3142\u3162"
    Ligature: "\uBE28"
  - Characters: "\u3142\u3163"
    Ligature: "\uBE44"
  - Characters: "\u3143\u314F"
    Ligature: "\uBE60"
  - Characters: "\u3143\u3150"
    Ligature: "\uBE7C"
  - Characters: "\u3143\u3151"
    Ligature: "\uBE98"
  - Characters: "\u3143\u3152"
    Ligature: "\uBEB4"
  - Characters: "\u3143\u3153"
    Ligature: "\uBED0"
  - Characters: "\u3143\u3154"
    Ligature: "\uBEEC"
  - Characters: "\u3143\u3155"
    Ligature: "\uBF08"
  - Characters: "\u3143\u3156"
    Ligature: "\uBF24"
  - Characters: "\u3143\u3157"
    Ligature: "\uBF40"
  - Characters: "\u3143\u3158"
    Ligature: "\uBF5C"
  - Characters: "\u3143\u3159"
    Ligature: "\uBF78"
  - Characters: "\u3143\u315A"
    Ligature: "\uBF94"
  - Characters: "\u3143\u315B"
    Ligature: "\uBFB0"
  - Characters: "\u3143\u315C"
    Ligature: "\uBFCC"
  - Characters: "\u3143\u315D"
    Ligature: "\uBFE8"
  - Characters: "\u3143\u315E"
    Ligature: "\uC004"
  - Characters: "\u3143\u315F"
    Ligature: "\uC020"
  - Characters: "\u3143\u3160"
    Ligature: "\uC03C"
  - Characters: "\u3143\u3161"
    Ligature: "\uC058"
  - Characters: "\u3143\u3162"
    Ligature: "\uC074"
  - Characters: "\u3143\u3163"
    Ligature: "\uC090"
  - Characters: "\u3145\u314F"
    Ligature: "\uC0AC"
  - Characters: "\u3145\u3150"
    Ligature: "\uC0C8"
  - Characters: "\u3145\u3151"
    Ligature: "\uC0E4"
  - Characters: "\u3145\u3152"
    Ligature: "\uC100"
  - Characters: "\u3145\u3153"
    Ligature: "\uC11C"
  - Characters: "\u3145\u3154"
    Ligature: "\uC138"
  - Characters: "\u3145\u3155"
    Ligature: "\uC154"
  - Characters: "\u3145\u3156"
    Ligature: "\uC170"
  - Characters: "\u3145\u3157"
    Ligature: "\uC18C"
  - Characters: "\u3145\u3158"
    Ligature: "\uC1A8"
  - Characters: "\u3145\u3159"
    Ligature: "\uC1C4"
  - Characters: "\u3145\u315A"
    Ligature: "\uC1E0"
  - Characters: "\u3145\u315B"
    Ligature: "\uC1FC"
  - Characters: "\u3145\u315C"
    Ligature: "\uC218"
  - Characters: "\u3145\u315D"
    Ligature: "\uC234"
  - Characters: "\u3145\u315E"
    Ligature: "\uC250"
  - Characters: "\u3145\u315F"
    Ligature: "\uC26C"
  - Characters: "\u3145\u3160"
    Ligature: "\uC288"
  - Characters: "\u3145\u3161"
    Ligature: "\uC2A4"
  - Characters: "\u3145\u3162"
    Ligature: "\uC2C0"
  - Characters: "\u3145\u3163"
    Ligature: "\uC2DC"
  - Characters: "\u3146\u314F"
    Ligature: "\uC2F8"
  - Characters: "\u3146\u3150"
    Ligature: "\uC314"
  - Characters: "\u3146\u3151"
    Ligature: "\uC330"
  - Characters: "\u3146\u3152"
    Ligature: "\uC34C"
  - Characters: "\u3146\u3153"
    Ligature: "\uC368"
  - Characters: "\u3146\u3154"
    Ligature: "\uC384"
  - Characters: "\u3146\u3155"
    Ligature: "\uC3A0"
  - Characters: "\u3146\u3156"
    Ligature: "\uC3BC"
  - Characters: "\u3146\u3157"
    Ligature: "\uC3D8"
  - Characters: "\u3146\u3158"
    Ligature: "\uC3F4"
  - Characters: "\u3146\u3159"
    Ligature: "\uC410"
  - Characters: "\u3146\u315A"
    Ligature: "\uC42C"
  - Characters: "\u3146\u315B"
    Ligature: "\uC448"
  - Characters: "\u3146\u315C"
    Ligature: "\uC464"
  - Characters: "\u3146\u315D"
    Ligature: "\uC480"
  - Characters: "\u3146\u315E"
    Ligature: "\uC49C"
  - Characters: "\u3146\u315F"
    Ligature: "\uC4B8"
  - Characters: "\u3146\u3160"
    Ligature: "\uC4D4"
  - Characters: "\u3146\u3161"
    Ligature: "\uC4F0"
  - Characters: "\u3146\u3162"
    Ligature: "\uC50C"
  - Characters: "\u3146\u3163"
    Ligature: "\uC528"
  - Characters: "\u3147\u314F"
    Ligature: "\uC544"
  - Characters: "\u3147\u3150"
    Ligature: "\uC560"
  - Characters: "\u3147\u3151"
    Ligature: "\uC57C"
  - Characters: "\u3147\u3152"
    Ligature: "\uC598"
  - Characters: "\u3147\u3153"
    Ligature: "\uC5B4"
  - Characters: "\u3147\u3154"
    Ligature: "\uC5D0"
  - Characters: "\u3147\u3155"
    Ligature: "\uC5EC"
  - Characters: "\u3147\u3156"
    Ligature: "\uC608"
  - Characters: "\u3147\u3157"
    Ligature: "\uC624"
  - Characters: "\u3147\u3158"
    Ligature: "\uC640"
  - Characters: "\u3147\u3159"
    Ligature: "\uC65C"
  - Characters: "\u3147\u315A"
    Ligature: "\uC678"
  - Characters: "\u3147\u315B"
    Ligature: "\uC694"
  - Characters: "\u3147\u315C"
    Ligature: "\uC6B0"
  - Characters: "\u3147\u315D"
    Ligature: "\uC6CC"
  - Characters: "\u3147\u315E"
    Ligature: "\uC6E8"
  - Characters: "\u3147\u315F"
    Ligature: "\uC704"
  - Characters: "\u3147\u3160"
    Ligature: "\uC720"
  - Characters: "\u3147\u3161"
    Ligature: "\uC73C"
  - Characters: "\u3147\u3162"
    Ligature: "\uC758"
  - Characters: "\u3147\u3163"
    Ligature: "\uC774"
  - Characters: "\u3148\u314F"
    Ligature: "\uC790"
  - Characters: "\u3148\u3150"
    Ligature: "\uC7AC"
  - Characters: "\u3148\u3151"
    Ligature: "\uC7C8"
  - Characters: "\u3148\u3152"
    Ligature: "\uC7E4"
  - Characters: "\u3148\u3153"
    Ligature: "\uC800"
  - Characters: "\u3148\u3154"
    Ligature: "\uC81C"
  - Characters: "\u3148\u3155"
    Ligature: "\uC838"
  - Characters: "\u3148\u3156"
    Ligature: "\uC854"
  - Characters: "\u3148\u3157"
    Ligature: "\uC870"
  - Characters: "\u3148\u3158"
    Ligature: "\uC88C"
  - Characters: "\u3148\u3159"
    Ligature: "\uC8A8"
  - Characters: "\u3148\u315A"
    Ligature: "\uC8C4"
  - Characters: "\u3148\u315B"
    Ligature: "\uC8E0"
  - Characters: "\u3148\u315C"
    Ligature: "\uC8FC"
  - Characters: "\u3148\u315D"
    Ligature: "\uC918"
  - Characters: "\u3148\u315E"
    Ligature: "\uC934"
  - Characters: "\u3148\u315F"
    Ligature: "\uC950"
  - Characters: "\u3148\u3160"
    Ligature: "\uC96C"
  - Characters: "\u3148\u3161"
    Ligature: "\uC988"
  - Characters: "\u3148\u3162"
    Ligature: "\uC9A4"
  - Characters: "\u3148\u3163"
    Ligature: "\uC9C0"
  - Characters: "\u3149\u314F"
    Ligature: "\uC9DC"
  - Characters: "\u3149\u3150"
    Ligature: "\uC9F8"
  - Characters: "\u3149\u3151"
    Ligature: "\uCA14"
  - Characters: "\u3149\u3152"
    Ligature: "\uCA30"
  - Characters: "\u3149\u3153"
    Ligature: "\uCA4C"
  - Characters: "\u3149\u3154"
    Ligature: "\uCA68"
  - Characters: "\u3149\u3155"
    Ligature: "\uCA84"
  - Characters: "\u3149\u3156"
    Ligature: "\uCAA0"
  - Characters: "\u3149\u3157"
    Ligature: "\uCABC"
  - Characters: "\u3149\u3158"
    Ligature: "\uCAD8"
  - Characters: "\u3149\u3159"
    Ligature: "\uCAF4"
  - Characters: "\u3149\u315A"
    Ligature: "\uCB10"
  - Characters: "\u3149\u315B"
    Ligature: "\uCB2C"
  - Characters: "\u3149\u315C"
    Ligature: "\uCB48"
  - Characters: "\u3149\u315D"
    Ligature: "\uCB64"
  - Characters: "\u3149\u315E"
    Ligature: "\uCB80"
  - Characters: "\u3149\u315F"
    Ligature: "\uCB9C"
  - Characters: "\u3149\u3160"
    Ligature: "\uCBB8"
  - Characters: "\u3149\u3161"
    Ligature: "\uCBD4"
  - Characters: "\u3149\u3162"
    Ligature: "\uCBF0"
  - Characters: "\u3149\u3163"
    Ligature: "\uCC0C"
  - Characters: "\u314A\u314F"
    Ligature: "\uCC28"
  - Characters: "\u314A\u3150"
    Ligature: "\uCC44"
  - Characters: "\u314A\u3151"
    Ligature: "\uCC60"
  - Characters: "\u314A\u3152"
    Ligature: "\uCC7C"
  - Characters: "\u314A\u3153"
    Ligature: "\uCC98"
  - Characters: "\u314A\u3154"
    Ligature: "\uCCB4"
  - Characters: "\u314A\u3155"
    Ligature: "\uCCD0"
  - Characters: "\u314A\u3156"
    Ligature: "\uCCEC"
  - Characters: "\u314A\u3157"
    Ligature: "\uCD08"
  - Characters: "\u314A\u3158"
    Ligature: "\uCD24"
  - Characters: "\u314A\u3159"
    Ligature: "\uCD40"
  - Characters: "\u314A\u315A"
    Ligature: "\uCD5C"
  - Characters: "\u314A\u315B"
    Ligature: "\uCD78"
  - Characters: "\u314A\u315C"
    Ligature: "\uCD94"
  - Characters: "\u314A\u315D"
    Ligature: "\uCDB0"
  - Characters: "\u314A\u315E"
    Ligature: "\uCDCC"
  - Characters: "\u314A\u315F"
    Ligature: "\uCDE8"
  - Characters: "\u314A\u3160"
    Ligature: "\uCE04"
  - Characters: "\u314A\u3161"
    Ligature: "\uCE20"
  - Characters: "\u314A\u3162"
    Ligature: "\uCE3C"
  - Characters: "\u314A\u3163"
    Ligature: "\uCE58"
  - Characters: "\u314B\u314F"
    Ligature: "\uCE74"
  - Characters: "\u314B\u3150"
    Ligature: "\uCE90"
  - Characters: "\u314B\u3151"
    Ligature: "\uCEAC"
  - Characters: "\u314B\u3152"
    Ligature: "\uCEC8"
  - Characters: "\u314B\u3153"
    Ligature: "\uCEE4"
  - Characters: "\u314B\u3154"
    Ligature: "\uCF00"
  - Characters: "\u314B\u3155"
    Ligature: "\uCF1C"
  - Characters: "\u314B\u3156"
    Ligature: "\uCF38"
  - Characters: "\u314B\u3157"
    Ligature: "\uCF54"
  - Characters: "\u314B\u3158"
    Ligature: "\uCF70"
  - Characters: "\u314B\u3159"
    Ligature: "\uCF8C"
  - Characters: "\u314B\u315A"
    Ligature: "\uCFA8"
  - Characters: "\u314B\u315B"
    Ligature: "\uCFC4"
  - Characters: "\u314B\u315C"
    Ligature: "\uCFE0"
  - Characters: "\u314B\u315D"
    Ligature: "\uCFFC"
  - Characters: "\u314B\u315E"
    Ligature: "\uD018"
  - Characters: "\u314B\u315F"
    Ligature: "\uD034"
  - Characters: "\u314B\u3160"
    Ligature: "\uD050"
  - Characters: "\u314B\u3161"
    Ligature: "\uD06C"
  - Characters: "\u314B\u3162"
    Ligature: "\uD088"
  - Characters: "\u314B\u3163"
    Ligature: "\uD0A4"
  - Characters: "\u314C\u314F"
    Ligature: "\uD0C0"
  - Characters: "\u314C\u3150"
    Ligature: "\uD0DC"
  - Characters: "\u314C\u3151"
    Ligature: "\uD0F8"
  - Characters: "\u314C\u3152"
    Ligature: "\uD114"
  - Characters: "\u314C\u3153"
    Ligature: "\uD130"
  - Characters: "\u314C\u3154"
    Ligature: "\uD14C"
  - Characters: "\u314C\u3155"
    Ligature: "\uD168"
  - Characters: "\u314C\u3156"
    Ligature: "\uD184"
  - Characters: "\u314C\u3157"
    Ligature: "\uD1A0"
  - Characters: "\u314C\u3158"
    Ligature: "\uD1BC"
  - Characters: "\u314C\u3159"
    Ligature: "\uD1D8"
  - Characters: "\u314C\u315A"
    Ligature: "\uD1F4"
  - Characters: "\u314C\u315B"
    Ligature: "\uD210"
  - Characters: "\u314C\u315C"
    Ligature: "\uD22C"
  - Characters: "\u314C\u315D"
    Ligature: "\uD248"
  - Characters: "\u314C\u315E"
    Ligature: "\uD264"
  - Characters: "\u314C\u315F"
    Ligature: "\uD280"
  - Characters: "\u314C\u3160"
    Ligature: "\uD29C"
  - Characters: "\u314C\u3161"
    Ligature: "\uD2B8"
  - Characters: "\u314C\u3162"
    Ligature: "\uD2D4"
  - Characters: "\u314C\u3163"
    Ligature: "\uD2F0"
  - Characters: "\u314D\u314F"
    Ligature: "\uD30C"
  - Characters: "\u314D\u3150"
    Ligature: "\uD328"
  - Characters: "\u314D\u3151"
    Ligature: "\uD344"
  - Characters: "\u314D\u3152"
    Ligature: "\uD360"
  - Characters: "\u314D\u3153"
    Ligature: "\uD37C"
  - Characters: "\u314D\u3154"
    Ligature: "\uD398"
  - Characters: "\u314D\u3155"
    Ligature: "\uD3D0"
  - Characters: "\u314D\u3156"
    Ligature: "\uD3D0"
  - Characters: "\u314D\u3157"
    Ligature: "\uD3EC"
  - Characters: "\u314D\u3158"
    Ligature: "\uD408"
  - Characters: "\u314D\u3159"
    Ligature: "\uD424"
  - Characters: "\u314D\u315A"
    Ligature: "\uD440"
  - Characters: "\u314D\u315B"
    Ligature: "\uD45C"
  - Characters: "\u314D\u315C"
    Ligature: "\uD478"
  - Characters: "\u314D\u315D"
    Ligature: "\uD494"
  - Characters: "\u314D\u315E"
    Ligature: "\uD4B0"
  - Characters: "\u314D\u315F"
    Ligature: "\uD4CC"
  - Characters: "\u314D\u3160"
    Ligature: "\uD4E8"
  - Characters: "\u314D\u3161"
    Ligature: "\uD504"
  - Characters: "\u314D\u3162"
    Ligature: "\uD520"
  - Characters: "\u314D\u3163"
    Ligature: "\uD53C"
  - Characters: "\u314E\u314F"
    Ligature: "\uD558"
  - Characters: "\u314E\u3150"
    Ligature: "\uD574"
  - Characters: "\u314E\u3151"
    Ligature: "\uD590"
  - Characters: "\u314E\u3152"
    Ligature: "\uD5AC"
  - Characters: "\u314E\u3153"
    Ligature: "\uD5C8"
  - Characters: "\u314E\u3154"
    Ligature: "\uD5E4"
  - Characters: "\u314E\u3155"
    Ligature: "\uD600"
  - Characters: "\u314E\u3156"
    Ligature: "\uD61C"
  - Characters: "\u314E\u3157"
    Ligature: "\uD638"
  - Characters: "\u314E\u3158"
    Ligature: "\uD654"
  - Characters: "\u314E\u3159"
    Ligature: "\uD670"
  - Characters: "\u314E\u315A"
    Ligature: "\uD68C"
  - Characters: "\u314E\u315B"
    Ligature: "\uD6A8"
  - Characters: "\u314E\u315C"
    Ligature: "\uD6C4"
  - Characters: "\u314E\u315D"
    Ligature: "\uD6E0"
  - Characters: "\u314E\u315E"
    Ligature: "\uD6FC"
  - Characters: "\u314E\u315F"
    Ligature: "\uD718"
  - Characters: "\u314E\u3160"
    Ligature: "\uD734"
  - Characters: "\u314E\u3161"
    Ligature: "\uD750"
  - Characters: "\u314E\u3162"
    Ligature: "\uD76C"
  - Characters: "\u314E\u3163"
    Ligature: "\uD788"
  linkedGameObject: {fileID: 1016360648107490}
  linkedBehaviours:
  - {fileID: 224211176540228856}
  - {fileID: 222133495953868856}
  - {fileID: 114033283421311850}
  - {fileID: 114570089250325518}
  - {fileID: 114986395705175424}
  linkedBehaviour: {fileID: 114570089250325518}
  fields:
  - text
  - tag
  - name
  field: text
--- !u!114 &114998210399985272
MonoBehaviour:
  m_ObjectHideFlags: 1
  m_PrefabParentObject: {fileID: 0}
  m_PrefabInternal: {fileID: 100100000}
  m_GameObject: {fileID: 1643325614030280}
  m_Enabled: 1
  m_EditorHideFlags: 0
  m_Script: {fileID: 708705254, guid: f5f67c52d1564df4a8936ccd202a3bd8, type: 3}
  m_Name: 
  m_EditorClassIdentifier: 
  m_Material: {fileID: 0}
  m_Color: {r: 0.19607843, g: 0.19607843, b: 0.19607843, a: 1}
  m_RaycastTarget: 1
  m_OnCullStateChanged:
    m_PersistentCalls:
      m_Calls: []
    m_TypeName: UnityEngine.UI.MaskableGraphic+CullStateChangedEvent, UnityEngine.UI,
      Version=1.0.0.0, Culture=neutral, PublicKeyToken=null
  m_FontData:
    m_Font: {fileID: 10102, guid: 0000000000000000e000000000000000, type: 0}
    m_FontSize: 14
    m_FontStyle: 0
    m_BestFit: 0
    m_MinSize: 10
    m_MaxSize: 40
    m_Alignment: 0
    m_AlignByGeometry: 0
    m_RichText: 0
    m_HorizontalOverflow: 1
    m_VerticalOverflow: 0
    m_LineSpacing: 1
  m_Text: 
--- !u!222 &222133495953868856
CanvasRenderer:
  m_ObjectHideFlags: 1
  m_PrefabParentObject: {fileID: 0}
  m_PrefabInternal: {fileID: 100100000}
  m_GameObject: {fileID: 1016360648107490}
--- !u!222 &222168753561689156
CanvasRenderer:
  m_ObjectHideFlags: 1
  m_PrefabParentObject: {fileID: 0}
  m_PrefabInternal: {fileID: 100100000}
  m_GameObject: {fileID: 1643325614030280}
--- !u!222 &222535463279464134
CanvasRenderer:
  m_ObjectHideFlags: 1
  m_PrefabParentObject: {fileID: 0}
  m_PrefabInternal: {fileID: 100100000}
  m_GameObject: {fileID: 1894939994852480}
--- !u!224 &224028601572322524
RectTransform:
  m_ObjectHideFlags: 1
  m_PrefabParentObject: {fileID: 0}
  m_PrefabInternal: {fileID: 100100000}
  m_GameObject: {fileID: 1894939994852480}
  m_LocalRotation: {x: 0, y: 0, z: 0, w: 1}
  m_LocalPosition: {x: 0, y: 0, z: 0}
  m_LocalScale: {x: 1, y: 1, z: 1}
  m_Children: []
  m_Father: {fileID: 224211176540228856}
  m_RootOrder: 0
  m_LocalEulerAnglesHint: {x: 0, y: 0, z: 0}
  m_AnchorMin: {x: 0, y: 0}
  m_AnchorMax: {x: 1, y: 1}
  m_AnchoredPosition: {x: 0, y: -0.5}
  m_SizeDelta: {x: -20, y: -13}
  m_Pivot: {x: 0.5, y: 0.5}
--- !u!224 &224211176540228856
RectTransform:
  m_ObjectHideFlags: 1
  m_PrefabParentObject: {fileID: 0}
  m_PrefabInternal: {fileID: 100100000}
  m_GameObject: {fileID: 1016360648107490}
  m_LocalRotation: {x: 0, y: 0, z: 0, w: 1}
  m_LocalPosition: {x: 0, y: 0, z: 0}
  m_LocalScale: {x: 1, y: 1, z: 1}
  m_Children:
  - {fileID: 224028601572322524}
  - {fileID: 224627314437522436}
  m_Father: {fileID: 0}
  m_RootOrder: 0
  m_LocalEulerAnglesHint: {x: 0, y: 0, z: 0}
  m_AnchorMin: {x: 0, y: 1}
  m_AnchorMax: {x: 1, y: 1}
  m_AnchoredPosition: {x: 0, y: -250}
  m_SizeDelta: {x: -800, y: 30}
  m_Pivot: {x: 0.5, y: 1}
--- !u!224 &224627314437522436
RectTransform:
  m_ObjectHideFlags: 1
  m_PrefabParentObject: {fileID: 0}
  m_PrefabInternal: {fileID: 100100000}
  m_GameObject: {fileID: 1643325614030280}
  m_LocalRotation: {x: 0, y: 0, z: 0, w: 1}
  m_LocalPosition: {x: 0, y: 0, z: 0}
  m_LocalScale: {x: 1, y: 1, z: 1}
  m_Children: []
  m_Father: {fileID: 224211176540228856}
  m_RootOrder: 1
  m_LocalEulerAnglesHint: {x: 0, y: 0, z: 0}
  m_AnchorMin: {x: 0, y: 0}
  m_AnchorMax: {x: 1, y: 1}
  m_AnchoredPosition: {x: 0, y: -0.5}
  m_SizeDelta: {x: -20, y: -13}
  m_Pivot: {x: 0.5, y: 0.5}
